<record><leader>00000cas a22000007a 4500</leader><controlfield tag="001">22151081</controlfield><controlfield tag="007">hd bfu---baaa</controlfield><controlfield tag="008">900727d19381939maumr n a     0    0eng d</controlfield><datafield ind1=" " ind2=" " tag="010"><subfield code="a">sn 90023396 </subfield></datafield><datafield ind1=" " ind2=" " tag="040"><subfield code="a">HLS</subfield><subfield code="b">eng</subfield><subfield code="c">HLS</subfield><subfield code="d">HUL</subfield><subfield code="d">OCLCQ</subfield><subfield code="d">OCLCF</subfield><subfield code="d">OCLCO</subfield><subfield code="d">OCLCQ</subfield></datafield><datafield ind1=" " ind2=" " tag="012"><subfield code="i">9008</subfield></datafield><datafield ind1=" " ind2=" " tag="042"><subfield code="a">msc</subfield></datafield><datafield ind1="0" ind2="0" tag="245"><subfield code="a">Syrian and Lebanonite voice.</subfield></datafield><datafield ind1=" " ind2=" " tag="260"><subfield code="a">Albany, N.Y. :</subfield><subfield code="b">Syrian and Lebanese American Federation of the Eastern States</subfield></datafield><datafield ind1=" " ind2=" " tag="300"><subfield code="a">volumes :</subfield><subfield code="b">illustrations ;</subfield><subfield code="c">44 cm</subfield></datafield><datafield ind1=" " ind2=" " tag="310"><subfield code="a">Monthly</subfield></datafield><datafield ind1=" " ind2=" " tag="336"><subfield code="a">text</subfield><subfield code="b">txt</subfield><subfield code="2">rdacontent</subfield></datafield><datafield ind1=" " ind2=" " tag="337"><subfield code="a">microform</subfield><subfield code="b">h</subfield><subfield code="2">rdamedia</subfield></datafield><datafield ind1=" " ind2=" " tag="338"><subfield code="a">microfilm reel</subfield><subfield code="b">hd</subfield><subfield code="2">rdacarrier</subfield></datafield><datafield ind1="1" ind2=" " tag="362"><subfield code="a">Began in 1938; ceased in 1939.</subfield></datafield><datafield ind1=" " ind2=" " tag="588"><subfield code="a">Description based on: May 1938; title from caption.</subfield></datafield><datafield ind1=" " ind2=" " tag="533"><subfield code="a">Microfilm.</subfield><subfield code="b">Cambridge, Mass. :</subfield><subfield code="c">Harvard University Microreproduction Service,</subfield><subfield code="d">1990.</subfield><subfield code="e">1 microfilm reel : negative ; 35 mm.</subfield></datafield><datafield ind1=" " ind2="0" tag="650"><subfield code="a">Syrian Americans</subfield><subfield code="v">Periodicals.</subfield></datafield><datafield ind1=" " ind2="0" tag="650"><subfield code="a">Lebanese Americans</subfield><subfield code="v">Periodicals.</subfield></datafield><datafield ind1=" " ind2="7" tag="650"><subfield code="a">Lebanese Americans.</subfield><subfield code="2">fast</subfield><subfield code="0">(OCoLC)fst00995219</subfield></datafield><datafield ind1=" " ind2="7" tag="650"><subfield code="a">Syrian Americans.</subfield><subfield code="2">fast</subfield><subfield code="0">(OCoLC)fst01141347</subfield></datafield><datafield ind1=" " ind2="7" tag="655"><subfield code="a">Periodicals.</subfield><subfield code="2">fast</subfield><subfield code="0">(OCoLC)fst01411641</subfield></datafield><datafield ind1="2" ind2=" " tag="710"><subfield code="a">Syrian and Lebanese American Federation of the Eastern States.</subfield></datafield><datafield ind1="0" ind2="0" tag="780"><subfield code="t">Syrian voice</subfield></datafield><datafield ind1=" " ind2=" " tag="850"><subfield code="a">MH</subfield></datafield></record>